@comment{This file has been generated by Pybliographer}



@Book{Vieira2005,
	Author         = {\'Alvaro Vieira Pinto},
	Title          = {O {C}onceito de {T}ecnologia - Rio de Janeiro: Contraponto },
	Publisher      = {UFMG},
	Address        = {Rio de Janeiro},
	Edition        = {2},
	year           = 2005
}

@article{article,
	author = {D. da C. W. Menegolo, Elizabeth and Cardoso, C.J. and Wallace Menegolo, Leandro},
	year = {2006},
	month = {11},
	pages = {02-13},
	title = {Oral history},
	volume = {9}
}

@book{javaScript2011,
	author = {David Flanagan},
	title = {JavaScript},
	subtitle = {O guia definitivo},
	year = {2013},
	publisher = {O'Reilly},
	Furtherresp = {Tradução de João Eduardo Nóbrega Tortello. Revisão técnica de Luciana Nedel},
	edition = {6},
	pages = {1062},
	Address = {Porto Alegre},
	
}

@article{article,
	author = {D. da C. W. Menegolo, Elizabeth and Cardoso, C.J. and Wallace Menegolo, Leandro},
	year = {2006},
	month = {11},
	pages = {02-13},
	title = {Oral history},
	volume = {9},
}


@book{tonu2012php,
	title={PHP Application Development with NetBeans},
	subtitle={Beginner's Guide},
	author={Tonu, MA Hossain},
	year={2012},
	Address={Birmingham - Mumbai},
	publisher={Packt Publishing Ltd}
}

@article{moreira2016desbravando,
	title={Desbravando o Git e o Github},
	author={Moreira, Joao Padilha},
	journal={Revista Educacional Interdisciplinar},
	volume={5},
	number={1},
	year={2016},
}

@book{spurlock2013bootstrap,
	title={Bootstrap: Responsive Web development},
	author={Spurlock, Jake},
	year={2013},
	publisher={" O'Reilly Media, Inc."},
	Address = {Printed in the United States os America},
}



@article{doi:10.1080/02763869.2011.540212,
	author = { Matthew B.   Hoy },
	title = {HTML5: A New Standard for the Web},
	journal = {Medical Reference Services Quarterly},
	volume = {30},
	number = {1},
	pages = {50-55},
	year  = {2011},
	publisher = {Routledge},
	doi = {10.1080/02763869.2011.540212},
	note ={PMID: 21271452},
	URL = { 
	https://doi.org/10.1080/02763869.2011.540212
	
	},
	eprint = { 
	https://doi.org/10.1080/02763869.2011.540212
	
	}
	
}

@article{curso2010html5,
	title={HTML5: Curso W3C Escrit{\'o}rio Brasil},
	author={FERREIRA, Elcio and EIS, Diego},
	journal={S{\~a}o Paulo},
	year={2011}
}



@article{karam2009synchronousOH,
	title={Synchronous online help support with visual instruction aids for workflow-based MVC web applications},
	author={Karam, Marcel and Abou Ibrahim, Maha},
	subtitle={Proceedings of the 27th ACM international conference on Design of communication},
	pages={105--114},
	year={2009},
	Journal = {SIGDOC},
	organization={ACM}
	Address = {Bloomington},
}


@book{manuel2003,
	Author = {Manuel Castells},
	Title = {A Galáxia Internet},
	year={2003},
	Publisher = {Jorge Zahar Editor Ltda },
	Furtherresp = {Tradução de Maria Luiza X. de A. Borges. Revisão técnica de Paulo Vaz },
	Subtitle = {reflexões sobre a Internet, negócios e a sociedade},
	Address = {Rio de Janeiro},
}

@book{silva2003,
	Author = {Tomaz Tadeu da Silva},
	Title = { Documentos de identidade},
	Subtitle = {uma introdução às teorias do
	currículo},
	year={2003},
	Publisher = {Autêntica},
	Address = {Belo Horizonte},
	edition ={2},
}


@article{REP's1158,
	author = {Alvani Brito, Sandra Straub},
	title = {As mídias digitais e a prática pedagógica},
	journal = {Eventos Pedagógicos},
	volume = {4},
	number = {1},
	year = {2013},
	keywords = {},
	abstract = {Apresente pesquisa teve como temática o uso das mídias digitais e a práticapedagógica em uma escola de ensino fundamental da cidade de Sinop - MT. Teve comoobjetivo geral entender como ocorre à utilização das mídias e quais as relaçõescom as práticas pedagógicas dos professores regentes. Para a investigaçãoutilizou-se a técnica de entrevista com perguntas semiestruturadas.Verificou-se que os professores utilizam as mídias digitais muito pouco eapontam como o principal motivo a falta de conhecimento frente às tecnologias.Palavras-chave: educação; ensino fundamental; mídiasdigitais.},
	issn = {2236-3165},	url = {http://sinop.unemat.br/projetos/revista/index.php/eventos/article/view/1158}
}

@article{soares2012inclusao,
	title={A inclus{\~a}o das TICs na educa{\c{c}}{\~a}o brasileira: problemas e desafios},
	author={Soares-Leite, Werlayne Stuart and do Nascimento-Ribeiro, Carlos Augusto},
	journal={Magis. Revista Internacional de Investigaci{\'o}n en Educaci{\'o}n},
	volume={5},
	number={10},
	year={2012},
	publisher={Pontificia Universidad Javeriana},
}

@article{kasim2008software,
	title={Software de autoria apoiando a aprendizagem},
	author={Kasim, VM and Silva, OMR da},
	journal={CON-GRESSO NACIONAL DE EDUCA{\c{C}}{\~A}O (Educere)},
	volume={8},
	pages={12370--12379},
	year={2008}
}

@article{albino2016avaliaccao,
	title={Avalia{\c{c}}{\~a}o do n{\'\i}vel de uso das TICs em escolas brasileiras: uma explora{\c{c}}{\~a}o dos dados da pesquisa “TIC Educa{\c{c}}{\~a}o”},
	author={Albino, Raphael and de Souza, Cesar Alexandre},
	journal={Economia \& Gest{\~a}o},
	volume={16},
	number={43},
	pages={101--125},
	year={2016}
}

@article{ponte2002tic,
	title={As TIC no in{\'\i}cio da escolaridade: Perspectivas para a forma{\c{c}}{\~a}o inicial de professores},
	author={Ponte, Jo{\~a}o Pedro da},
	journal={A forma{\c{c}}{\~a}o para a integra{\c{c}}{\~a}o das TIC na educa{\c{c}}{\~a}o pr{\'e}-escolar e no 1. {\textordmasculine} ciclo do ensino b{\'a}sico},
	pages={19--26},
	year={2002},
	publisher={Porto Editora},
}

@article{angotti2001ciencia,
	title={Ci{\^e}ncia e tecnologia: implica{\c{c}}{\~o}es sociais e o papel da educa{\c{c}}{\~a}o},
	author={Angotti, Jos{\'e} Andr{\'e} Peres and Auth, Milton Antonio},
	journal={Ci{\^e}ncia \& Educa{\c{c}}{\~a}o (Bauru)},
	volume={7},
	number={1},
	pages={15--27},
	year={2001},
	publisher={SciELO Brasil}
}

@article{fonseca2001adoecer,
	title={O adoecer ps{\'\i}quico no trabalho do professor de ensino fundamental e m{\'e}dio da rede p{\'u}blica no Estado de Minas Gerais},
	author={Fonseca, Candida Clara de Oliveira Pereira and others},
	year={2001},
	publisher={Florian{\'o}polis, SC}
}

@article{menegolodiarios,
	title={DI{\'A}RIOS DE CLASSE: tra{\c{c}}os hist{\'o}ricos de um ensino de l{\'\i}ngua},
	author={Menegolo, Elizabeth D da C Wallace and Cardoso, Cancionila Janzkovski}
}

@article{freire1987pedagogia,
	title={Pedagogia do oprimido. 17{\textordfeminine}},
	author={Freire, Paulo},
	journal={Ed. Rio de Janeiro: Paz e Terra},
	volume={3},
	year={1987}
}

@article{holanda1984raizes,
	title={Ra{\'\i}zes do Brasil},
	author={Holanda, S{\'e}rgio Buarque de},
	journal={S{\~a}o Paulo: Companhia das Letras},
	volume={26},
	year={1984}
}

@article{teresa1999manual,
	title={Manual do professor},
	author={Madre Teresa},
	year={1999},
}

@online{manualDiario,
	author = {Margareth Zaponi and Aida Monteiro and Vicência Barbosa de Andrade Torres},
	title = {ORIENTAÇÃO PARA PREENCHIMENTO DOS DIÁRIOS DE CLASSE
},
	year = {2009},
	url = {http://www.educacao.pe.gov.br/portal/upload/galeria/750/utilizadiariodeclasse.pdf},
	subtitle = {ENSINO FUNDAMENTAL ANOS FINAIS E ENSINO MÉDIO},
	month = {maio},
}

@article{igor2016,
	title={IMPLEMENTAÇÃO DE MÉTODOS
	ANALÍTICOS DE USABILIDADE E
	PROTOTIPAÇÃO PARA MELHORIA DE
	APLICAÇÃO MÓVEL EDUCACIONAL},
	subtitle={ESTUDO DE CASO DO "DIARIO DE CLASSE"},
	author={Igor Lacerdino and Ana Paula Piovesan Melchiori},
	journal={Monografia de Graduação, Universidade Federal de Lavras},
	year={2016}
	Address={Lavras},
}

@article{helmano1995,
	title={Revolução da Informação: algumas reflexões},
	author={Elmano Pontes Cavalcanti},
	journal={Caderno de pesquisa em Administração },
	volume={1},
	number ={1},
	year={1995},
	address={São Paulo},
}

@article{seabra1993,
	title={O COMPUTADOR NA CRIAÇÃO DE AMBIENTES INTERATIVOS
	DE APRENDIZAGEM},
	author={Carlos Seabra},
	journal={Em aberto},
	number ={57},
	year={1993},
	month={jan./mar.}
	address={Brasília},
}

@article{valente1993,
	title={Diferentes usos do computador na educação},
	author={José Armando Valente},
	journal={Em aberto},
	number ={57},
	year={1993},
	month={jan./mar.}
	address={Brasília},
}

@ONLINE{escolaInterativa,
	title = {DIÁRIO ESCOLAR DIGITAL},
	url = {http://escolainterativa.educacao.mg.gov.br/diario-escolar-digital}
}